
@misc{castillo_Conceptos_2021,
  title = {Conceptos y Medici\'on de Cohesi\'on Social En Proyectos Internacionales. {{Serie Documentos}} de {{Trabajo COES}}, {{Documento}} de Trabajo {{N}}\textdegree 47, Pp. 1-32.},
  author = {Castillo, JC and Olivos, F and Iturra, J},
  year = {2021},
  annotation = {ISSN 0719-6660}
}

@article{chan_Reconsidering_2006,
  title = {Reconsidering {{Social Cohesion}}: {{Developing}} a {{Definition}} and {{Analytical Framework}} for {{Empirical Research}}},
  shorttitle = {Reconsidering {{Social Cohesion}}},
  author = {Chan, Joseph and To, Ho-Pong and Chan, Elaine},
  year = {2006},
  month = jan,
  volume = {75},
  pages = {273--302},
  issn = {0303-8300, 1573-0921},
  doi = {10.1007/s11205-005-2118-1},
  journal = {Social Indicators Research},
  language = {en},
  number = {2}
}


